@misc{Typst,
  title    = {hayagriva/docs/file-format.md at main Â· typst/hayagriva},
  url      = {https://github.com/typst/hayagriva/blob/main/docs/file-format.md},
  journal  = {GitHub},
  author   = {Typst},
  language = {en}
}